{
  "leader": "02397cam a2200397Ii 4500",
  "fields": [
    {
      "001": "ocm14396135\\"
    },
    {
      "003": "OCoLC"
    },
    {
      "005": "20220104133322.0"
    },
    {
      "008": "861015s1954\\\\\\\\nyuabch\\\\b\\\\\\\\001\\0beng\\d"
    },
    {
      "010": {
        "ind1": "\\",
        "ind2": "\\",
        "subfields": [
          {
            "a": "   54006305 "
          }
        ]
      }
    },
    {
      "040": {
        "ind1": "\\",
        "ind2": "\\",
        "subfields": [
          {
            "a": "XWE"
          },
          {
            "b": "eng"
          },
          {
            "c": "XWE"
          },
          {
            "d": "OCL"
          },
          {
            "d": "TLM"
          },
          {
            "d": "OCL"
          },
          {
            "d": "UKM"
          },
          {
            "d": "OCLCG"
          },
          {
            "d": "DEBBG"
          },
          {
            "d": "ZWZ"
          },
          {
            "d": "OCLCQ"
          },
          {
            "d": "OCLCF"
          },
          {
            "d": "OCLCO"
          },
          {
            "d": "OCLCQ"
          },
          {
            "d": "KZK"
          },
          {
            "d": "UEJ"
          },
          {
            "d": "OCLCQ"
          },
          {
            "d": "OCLCO"
          },
          {
            "d": "CRC"
          },
          {
            "d": "OCLCA"
          },
          {
            "d": "JNE"
          },
          {
            "d": "UKMGB"
          },
          {
            "d": "EUQ"
          },
          {
            "d": "OCLCQ"
          },
          {
            "d": "ULL"
          },
          {
            "d": "DIBIB"
          },
          {
            "d": "ALMSI"
          },
          {
            "d": "OCLCA"
          }
        ]
      }
    },
    {
      "015": {
        "ind1": "\\",
        "ind2": "\\",
        "subfields": [
          {
            "a": "GB5409968"
          },
          {
            "2": "bnb"
          }
        ]
      }
    },
    {
      "016": {
        "ind1": "7",
        "ind2": "\\",
        "subfields": [
          {
            "a": "008990188"
          },
          {
            "2": "Uk"
          }
        ]
      }
    },
    {
      "019": {
        "ind1": "\\",
        "ind2": "\\",
        "subfields": [
          {
            "a": "3746961"
          },
          {
            "a": "219780706"
          },
          {
            "a": "318444822"
          },
          {
            "a": "629700655"
          },
          {
            "a": "689521053"
          },
          {
            "a": "842979957"
          },
          {
            "a": "953428499"
          },
          {
            "a": "989052614"
          },
          {
            "a": "1049714858"
          },
          {
            "a": "1065411376"
          }
        ]
      }
    },
    {
      "035": {
        "ind1": "\\",
        "ind2": "\\",
        "subfields": [
          {
            "a": "(OCoLC)14396135"
          },
          {
            "z": "(OCoLC)3746961"
          },
          {
            "z": "(OCoLC)219780706"
          },
          {
            "z": "(OCoLC)318444822"
          },
          {
            "z": "(OCoLC)629700655"
          },
          {
            "z": "(OCoLC)689521053"
          },
          {
            "z": "(OCoLC)842979957"
          },
          {
            "z": "(OCoLC)953428499"
          },
          {
            "z": "(OCoLC)989052614"
          },
          {
            "z": "(OCoLC)1049714858"
          },
          {
            "z": "(OCoLC)1065411376"
          }
        ]
      }
    },
    {
      "050": {
        "ind1": "\\",
        "ind2": "4",
        "subfields": [
          {
            "a": "CT275.F68"
          },
          {
            "b": "N37"
          }
        ]
      }
    },
    {
      "082": {
        "ind1": "0",
        "ind2": "4",
        "subfields": [
          {
            "a": "923.373"
          },
          {
            "b": "NEV"
          }
        ]
      }
    },
    {
      "100": {
        "ind1": "1",
        "ind2": "\\",
        "subfields": [
          {
            "a": "Nevins, Allan,"
          },
          {
            "d": "1890-1971."
          }
        ]
      }
    },
    {
      "245": {
        "ind1": "1",
        "ind2": "0",
        "subfields": [
          {
            "a": "Ford :"
          },
          {
            "b": "the times, the man, the company /"
          },
          {
            "c": "by Allan Nevins, with the collaboration of Frank Ernest Hill."
          }
        ]
      }
    },
    {
      "260": {
        "ind1": "\\",
        "ind2": "\\",
        "subfields": [
          {
            "a": "New York :"
          },
          {
            "b": "Scribner,"
          },
          {
            "c": "1954."
          }
        ]
      }
    },
    {
      "300": {
        "ind1": "\\",
        "ind2": "\\",
        "subfields": [
          {
            "a": "xvi, 688 pages :"
          },
          {
            "b": "illustrations, portraits, maps, facsimiles, genealogical table ;"
          },
          {
            "c": "24 cm"
          }
        ]
      }
    },
    {
      "336": {
        "ind1": "\\",
        "ind2": "\\",
        "subfields": [
          {
            "a": "text"
          },
          {
            "b": "txt"
          },
          {
            "2": "rdacontent"
          }
        ]
      }
    },
    {
      "337": {
        "ind1": "\\",
        "ind2": "\\",
        "subfields": [
          {
            "a": "unmediated"
          },
          {
            "b": "n"
          },
          {
            "2": "rdamedia"
          }
        ]
      }
    },
    {
      "338": {
        "ind1": "\\",
        "ind2": "\\",
        "subfields": [
          {
            "a": "volume"
          },
          {
            "b": "nc"
          },
          {
            "2": "rdacarrier"
          }
        ]
      }
    },
    {
      "504": {
        "ind1": "\\",
        "ind2": "\\",
        "subfields": [
          {
            "a": "Includes bibliographical references (pages 653-664) and index."
          }
        ]
      }
    },
    {
      "505": {
        "ind1": "0",
        "ind2": "\\",
        "subfields": [
          {
            "a": "1. The times, the man, the company. -- 2. Expansion and challenge, 1915-1933, by A. Nevins and F.E. Hill. -- [3] Decline and rebirth, 1933-1962, by A. Nevins and F.E. Hill."
          }
        ]
      }
    },
    {
      "520": {
        "ind1": "\\",
        "ind2": "\\",
        "subfields": [
          {
            "a": "The first volume of three volumes telling the history of Ford Motor Company. See the early Henry Ford, grasping for a way to make money out of this infant technology. We also see the chaotic state of an industry which had great potential, but which had not as yet determined what the nature of its product would be (gas, electric, steam, tool for the masses, plaything for the rich)."
          }
        ]
      }
    },
    {
      "600": {
        "ind1": "1",
        "ind2": "0",
        "subfields": [
          {
            "a": "Ford, Henry,"
          },
          {
            "d": "1863-1947."
          }
        ]
      }
    },
    {
      "610": {
        "ind1": "2",
        "ind2": "0",
        "subfields": [
          {
            "a": "Ford Motor Company."
          }
        ]
      }
    },
    {
      "600": {
        "ind1": "1",
        "ind2": "7",
        "subfields": [
          {
            "a": "Ford, Henry,"
          },
          {
            "d": "1863-1947"
          },
          {
            "2": "fast"
          },
          {
            "0": "(OCoLC)fst00035612"
          }
        ]
      }
    },
    {
      "610": {
        "ind1": "2",
        "ind2": "7",
        "subfields": [
          {
            "a": "Ford Motor Company."
          },
          {
            "2": "fast"
          },
          {
            "0": "(OCoLC)fst00546509"
          }
        ]
      }
    },
    {
      "700": {
        "ind1": "1",
        "ind2": "\\",
        "subfields": [
          {
            "a": "Hill, Frank Ernest,"
          },
          {
            "d": "1888-1969."
          }
        ]
      }
    },
    {
      "776": {
        "ind1": "0",
        "ind2": "8",
        "subfields": [
          {
            "i": "Online version:"
          },
          {
            "a": "Nevins, Allan, 1890-1971."
          },
          {
            "t": "Ford."
          },
          {
            "d": "New York : Scribner, 1954"
          },
          {
            "w": "(OCoLC)756450664"
          }
        ]
      }
    },
    {
      "994": {
        "ind1": "\\",
        "ind2": "\\",
        "subfields": [
          {
            "a": "Z0"
          },
          {
            "b": "NYRVC"
          }
        ]
      }
    },
    {
      "948": {
        "ind1": "\\",
        "ind2": "\\",
        "subfields": [
          {
            "h": "NO HOLDINGS IN NYRVC - 465 OTHER HOLDINGS"
          }
        ]
      }
    },
    {
      "999": {
        "ind1": "\\",
        "ind2": "\\",
        "subfields": [
          {
            "a": "No barcode."
          }
        ]
      }
    }
  ]
}